@Manual{XML,
  title =	 {XML: Tools for parsing and generating {XML} within
                  {R} and {S-Plus}},
  author =	 {Duncan {Temple Lang}},
  year =	 2010,
  note =	 {R package version 3.1-0},
  url =		 {http://CRAN.R-project.org/package=XML}
}

@Book{chambers:2008,
  author =	 {John M Chambers},
  title =	 {Software for Data Analysis: Programming in R},
  publisher =	 {Springer},
  year =	 2008,
  address =	 {New York}
}

